<?xml version="1.0" encoding="UTF-8"?><collection xmlns="http://www.loc.gov/MARC21/slim"><record><leader>00344nam--2200133-i-4500</leader><controlfield tag="001">000016602</controlfield><controlfield tag="002">20161230</controlfield><controlfield tag="005">20161230201031</controlfield><controlfield tag="008">060222s1000------------r-----000-0-eng-d</controlfield><datafield ind1=" " ind2=" " tag="100"><subfield code="a">Iorga, Adrian A</subfield></datafield><datafield ind1=" " ind2=" " tag="245"><subfield code="a">Marinescu, a</subfield></datafield><datafield ind1=" " ind2=" " tag="260"><subfield code="a">Diagrame Abace Monograme</subfield></datafield><datafield ind1=" " ind2=" " tag="490"><subfield code="a">Bucuresti, Editura Tehnica, 1959. 278 P</subfield></datafield><datafield ind1=" " ind2=" " tag="852"><subfield code="a">519.674(083.57)(084)</subfield></datafield></record></collection>